@misc{Bren2008,
author = {Bren, M and Tolosana-Delgado, R. and van den Boogaart, K. G.},
file = {:home/michael/articles/Bren, Tolosana-Delgado, van den Boogaart - 2008 - News from “compositions”, the R package.pdf:pdf},
keywords = {coda-dendrogram,compositional data,lost values,mar,mcd estimator,missing data,robustness,rounded zeros},
mendeley-groups = {mgs bias/MC paper 1},
mendeley-tags = {compositional data,missing data},
title = {{News from “compositions”, the R package}},
url = {https://core.ac.uk/download/pdf/132548286.pdf},
year = {2008}
}
@article{vandenBoogaart2006,
author = {van den Boogaart, K G and Tolosana-Delgado, R. and Bren, M},
file = {:home/michael/articles/van den Boogaart, Tolosana-Delgado, Bren - 2006 - Concepts for handling of zeros and missing values in compositional data.pdf:pdf},
isbn = {9782960064407},
journal = {Proc. IAMG},
keywords = {clr,composition,compositional data,compositions,lost values,r package,zero values,zeros},
mendeley-groups = {mgs bias/MC paper 1},
mendeley-tags = {compositional data,zeros},
pages = {1--4},
title = {{Concepts for handling of zeros and missing values in compositional data}},
volume = {6},
year = {2006}
}
@book{Aitchison1986,
address = {London},
author = {Aitchison, J.},
isbn = {0-412-28060-4},
keywords = {compositional data},
mendeley-groups = {mgs bias/MC paper 1},
mendeley-tags = {compositional data},
publisher = {Chapman and Hall},
title = {{The Statistical Analysis of Compositional Data}},
year = {1986}
}
